
@book{RegTech,
	author = {Thomas Beier and Petra Wurl},
	title = {Regelungstechnik},
	date = {1. Auflage},
	publisher = {Hanser Verlag},
	year = 2013}

@book{messtechnik,
	author = {Hendrik Gerth},
	title = {Messtechnik 1 - Skript zur Vorlesung},
	location = {Clausthal-Zellerfeld},
	date = {2013}}

@Article{skript,
	author = {Dipl. Math. Wiebke Heins},
	title = {Grundpraktikum Freqenzganganalyse},
	journal = {TU Clausthal, Grundpraktikum Maschinenlabor},
	year = {2014}}

